@book{katz2014introduction,
  title={Introduction to Modern Cryptography},
  author={Katz, Jonathan and Lindell, Yehuda},
  year={2014},
  publisher={Chapman and Hall/CRC},
  url={https://doi.org/10.1201/9781351133036}
}